%% This BibTeX bibliography file was created using BibDesk.
%% http://bibdesk.sourceforge.net/


%% Created for Seth Johnson at 2010-01-15 15:01:56 -0500 


%% Saved with string encoding Unicode (UTF-8) 


@article{fraley1980monte,
  title={A Monte Carlo method of solving heat conduction problems},
  author={Fraley, Stanley Kenneth and Hoffman, TJ and Stevens, PN},
  journal={Journal of Heat Transfer},
  volume={102},
  number={1},
  pages={121--125},
  year={1980},
  publisher={American Society of Mechanical Engineers}
}
@article{viitanen2012explicit,
  title={Explicit treatment of thermal motion in continuous-energy Monte Carlo tracking routines},
  author={Viitanen, Tuomas and Lepp{\"a}nen, Jaakko},
  journal={Nuclear Science and Engineering},
  volume={171},
  number={2},
  pages={165--173},
  year={2012},
  publisher={American Nuclear Society}
}
@article{griesheimer2008integrated,
  title={An integrated thermal hydraulic feedback method for Monte Carlo reactor calculations},
  author={Griesheimer, David P and Aumiller, David L and Gill, Daniel F and Lane, Jeffrey W},
  year={2008}
}
@article{josey2016windowed,
  title={Windowed multipole for cross section Doppler broadening},
  author={Josey, C and Ducru, P and Forget, B and Smith, K},
  journal={Journal of Computational Physics},
  volume={307},
  pages={715--727},
  year={2016},
  publisher={Elsevier}
}
@article{leppanen2013modeling,
  title={Modeling of nonuniform density distributions in the Serpent 2 Monte Carlo code},
  author={Lepp{\"a}nen, Jaakko},
  journal={Nuclear Science and Engineering},
  volume={174},
  number={3},
  pages={318--325},
  year={2013},
  publisher={American Nuclear Society}
}

@article{bowman2007overview,
  title={Overview of the SCALE code system},
  author={Bowman, SM},
  journal={TRANSACTIONS-AMERICAN NUCLEAR SOCIETY},
  volume={97},
  pages={589},
  year={2007},
  publisher={AMERICAN NUCLEAR SOCIETY}
}

@article{jun2007monte,
  title={A Monte Carlo Method of Solving Heat Conduction Problems with Complicated Geometry},
  author={Jun, Shentu and Yun, Sunghwan and Cho, Nam Zin},
  year={2007},
  publisher={Korean Nuclear Society}
}

@article{ferreira2015orthogonal,
  title={Orthogonal systems of Zernike type in polygons and polygonal facets},
  author={Ferreira, Chelo and Lopez, Jose L and Navarro, Rafael and Sinusia, Ester Perez},
  journal={arXiv preprint arXiv:1506.07396},
  year={2015}
}

@Article{Henry,
  author =       " A. F., Henry",
  title =        "The Application of Reactor Kinetics to the Analysis of Experiments",
  journal =      "Nuclear Science and Engineering",
  volume =       "3",
  number =       "1",
  pages =        "52--70",
  year =         "1958",
  DOI =          "http://dx.doi.org/10.13182/NSE58-1"
} 
@article{goluoglu2001time,
  title={A time-dependent, three-dimensional neutron transport methodology},
  author={Goluoglu, Sedat and Dodds, HL},
  journal={Nuclear science and engineering},
  volume={139},
  number={3},
  pages={248--261},
  year={2001},
  publisher={American Nuclear Society}
}	
@Book{Bell,
  author =       "G.I., Bell and S., Glasstone",
  title =        "Nuclear Reactor Theory",
  year =         "1970",
  publisher =      "Van Nostrand Reinhold Company",
  address= "New York."
} 

@Book{duder,
  author =       "James, Duderstadt and Louis, Hamilton ",
  title =        "Nuclear Reactor Analysis",
  year =         "1976",
  publisher =      "John Wiley and Sons",
  address= "New York."
} 

@Article{Shayesteh,
  author =       "M. ,Shayesteh and M., Shahriari",
  title =        "Calculation of time-dependent neutronic parameters using Monte Carlo method",
  journal =      "Annals of Nuclear Energy",
  volume =       "36",
  number =       "7",
  pages =        "901--909",
  year =         "2009",
  DOI =          "http://doi:10.1016/j.anucene.2009.03.010"
} 

@Article{Dulla,
  author =       "S., Dulla and E.H, mund. and P. Ravetto",
  title =        "The quasi-static method revisited",
  journal =      "Progress in Nuclear Energy",
  volume =       "50",
  number =       "8",
  pages =        "908--920",
  year =         "2009",
  DOI =          "http://doi:10.1016/j.anucene.2009.03.010"
} 

@PhdThesis{Gehin,
  author =       "J.C, Gehin, ",
  title =        "A quasi-static polynomial nodal method for nuclear reactor analysis.",
  school =       "Massachusetts Institute of Technology",
  year =         "1992",
} 

@PhdThesis{Waddell,
  author =       "Waddell, M.W.",
  title =        "A Hybrid Stochastic/Deterministic Method for Transient Three-Dimensional Neutron Transport",
  school =       "The University of Tennessee, Knoxville",
  year =         "1993",
} 

@PhdThesis{Bentley,
  author =       "Charles Bentley",
  title =        "Improvements in a Hybrid Stochastic/ Deterministic Method for Transient Three- Dimensional Neutron Transport",
  school =       "The University of Tennessee, Knoxville",
  year =         "1996",
} 

	
@book{Robinson_Bauer_1994,
place={United States}, title={The M8 Power Calibration Experiment (M8CAL)}, url={http://www.osti.gov/scitech/servlets/purl/1130413}, DOI={10.2172/1130413}, author={Robinson, W. R. and Bauer, T. H.}, year={1994}, month={May}}

@techreport{kontogeorgakos2014treat,
  title={TREAT Transient Analysis Benchmarking for the HEU Core},
  author={Kontogeorgakos, DC and Connaway, HM and Wright, AE},
  year={2014},
  institution={Argonne National Laboratory (ANL)}
}



@conference{physor_mausolff,
  author       = { Mausolff, Zander and  Goluoglu,Sedat}, 
  title        = {Verification of the Time-dependent Transport Code TDKENO with the Monte Carlo Code KENO-VI},
  year         = 2016,
  pages        = 2698,
  organization = {PHYSOR 2016},
  publisher    = {American Nuclear Society},
}

@inproceedings{yoo2003slurm,
  title={Slurm: Simple linux utility for resource management},
  author={Yoo, Andy B and Jette, Morris A and Grondona, Mark},
  booktitle={Workshop on Job Scheduling Strategies for Parallel Processing},
  pages={44--60},
  year={2003},
  organization={Springer}
}

@techreport{rearden2013overview,
  title={Overview of SCALE 6.2},
  author={Rearden, Bradley T and Dunn, Michael E and Wiarda, Dorothea and Celik, Cihangir and Bekar, Kursat B and Williams, Mark L and Peplow, Douglas E and others},
  year={2013},
  institution={Oak Ridge National Laboratory (ORNL)}
}

@techreport{bess2015baseline,
  title={Baseline assessment of TREAT for modeling and analysis needs},
  author={Bess, John Darrell and DeHart, Mark David},
  year={2015},
  institution={Idaho National Laboratory (INL), Idaho Falls, ID (United States)}
}